@manual{soc_manual,
  title = "Terasic DE1 SoC User Manual",
  organization = "Terasic Technologies and Altera Inc.",
  address = "9F., No.176, Sec.2, Gongdao 5th Rd, East Dist, Hsinchu City, 30070. Taiwan",
  year = "2003"
}